@misc{MLvsDL,
  title = {Machine Learning vs Deep Learning},
  howpublished = {\url{https://medium.com/swlh/ill-tell-you-why-deep-learning-is-so-popular-and-in-demand-5aca72628780}},
  note = {Accessed: 2018-07-15}
},
@misc{typicalRNN,
  title = {Typical RNN},
  howpublished = {\url{https://datascience.stackexchange.com/questions/10589/number-of-parameters-in-an-rnn}},
  note = {Accessed: 2018-07-15}
}